<?xml version="1.0" encoding="UTF-8"?><collection xmlns="http://www.loc.gov/MARC21/slim"><record><leader>00395nam--2200121-i-4500</leader><controlfield tag="001">000024314</controlfield><controlfield tag="002">20161230</controlfield><controlfield tag="005">20161230201035</controlfield><controlfield tag="008">060222s1000------------r-----000-0-eng-d</controlfield><datafield ind1=" " ind2=" " tag="020"><subfield code="a">BRAUNSCHWEIG, FRIEDR.WIEWEG AND SOHN, 1954</subfield></datafield><datafield ind1=" " ind2=" " tag="245"><subfield code="a">Halbleiterprobleme in referaten des halgleiterausschusses des verbandes deutscher physikalicher gesellschaften: bd.4.1-118</subfield></datafield><datafield ind1=" " ind2=" " tag="260"><subfield code="a">119-189</subfield></datafield><datafield ind1=" " ind2=" " tag="490"><subfield code="a">282-384</subfield></datafield></record></collection>